@book{Han,
     author = {Han, Jiawei and Kamber, Micheline and Pei, Jian},
      title = {Data Mining: Concepts and Techniques},
       year = {2011},
        isbn = {0123814790, 9780123814791},
         edition = {3rd},
          publisher = {Morgan Kaufmann Publishers Inc.},
           address = {San Francisco, CA, USA},
} 

@inproceedings{Singer,
 author = {Singer, Philipp and Fl\"{o}ck, Fabian and Meinhart, Clemens and Zeitfogel, Elias and Strohmaier, Markus},
 title = {Evolution of Reddit: From the Front Page of the Internet to a Self-referential Community?},
 booktitle = {Proceedings of the Companion Publication of the 23rd International Conference on World Wide Web Companion},
 series = {WWW Companion '14},
 year = {2014},
 isbn = {978-1-4503-2745-9},
 location = {Seoul, Korea},
 pages = {517--522},
 numpages = {6},
 url = {http://dx.doi.org/10.1145/2567948.2576943},
 doi = {10.1145/2567948.2576943},
 acmid = {2576943},
 publisher = {International World Wide Web Conferences Steering Committee},
 address = {Republic and Canton of Geneva, Switzerland},
 keywords = {attention, discussion, diversification, evolution, frontpage, growth, longitudinal, online community, perception, reddit, self-reference},
}

@inproceedings{Bakshy,
    author = {Bakshy, Eytan and Hofman, Jake M. and Mason, Winter A. and Watts, Duncan J.},
    title = {Everyone's an Influencer: Quantifying Influence on Twitter},
    booktitle = {Proceedings of the Fourth ACM International Conference on Web Search and Data Mining},
    series = {WSDM '11},
    year = {2011},
    isbn = {978-1-4503-0493-1},
    location = {Hong Kong, China},
    pages = {65--74},
    numpages = {10},
    url = {http://doi.acm.org/10.1145/1935826.1935845},
    doi = {10.1145/1935826.1935845},
    acmid = {1935845},
    publisher = {ACM},
    address = {New York, NY, USA},
    keywords = {communication networks, diffusion, influence, twitter, word of mouth marketing},
} 

@inproceedings{Rowe,
    author = {Rowe, Matthew and Angeletou, Sofia and Alani, Harith},
    title = {Predicting Discussions on the Social Semantic Web},
    booktitle = {Proceedings of the 8th Extended Semantic Web Conference on The Semanic Web: Research and Applications - Volume Part II},
    series = {ESWC'11},
    year = {2011},
    isbn = {978-3-642-21063-1},
    location = {Heraklion, Crete, Greece},
    pages = {405--420},
    numpages = {16},
    url = {http://dl.acm.org/citation.cfm?id=2017936.2017969},
    acmid = {2017969},
    publisher = {Springer-Verlag},
    address = {Berlin, Heidelberg},
} 

@inproceedings{Gomez,
     author = {G\'{o}mez, Vicen\c{c} and Kaltenbrunner, Andreas and L\'{o}pez, Vicente},
      title = {Statistical Analysis of the Social Network and Discussion Threads in Slashdot},
       booktitle = {Proceedings of the 17th International Conference on World Wide Web},
        series = {WWW '08},
         year = {2008},
          isbn = {978-1-60558-085-2},
           location = {Beijing, China},
            pages = {645--654},
             numpages = {10},
              url = {http://doi.acm.org/10.1145/1367497.1367585},
               doi = {10.1145/1367497.1367585},
                acmid = {1367585},
                 publisher = {ACM},
                  address = {New York, NY, USA},
                   keywords = {bulletin board, h-index, log-normal, online communities, power-law, radial tree, social networks, thread, weblogs},
} 

@article{Lee,
     author = {Lee, Jong Gun and Moon, Sue and Salamatian, Kav{\'e}},
      title = {Modeling and Predicting the Popularity of Online Contents with Cox Proportional Hazard Regression Model},
       journal = {Neurocomput.},
        issue_date = {January, 2012},
         volume = {76},
          number = {1},
           month = jan,
            year = {2012},
             issn = {0925-2312},
              pages = {134--145},
               numpages = {12},
                url = {http://dx.doi.org/10.1016/j.neucom.2011.04.040},
                 doi = {10.1016/j.neucom.2011.04.040},
                  acmid = {2064171},
                   publisher = {Elsevier Science Publishers B. V.},
                    address = {Amsterdam, The Netherlands, The Netherlands},
                     keywords = {Cox proportional hazard regression model, Popularity of online contents, Survival analysis},
} 


BibTeX | EndNote | ACM Ref

@inproceedings{Jamali,
     author = {Jamali, Salman and Rangwala, Huzefa},
      title = {Digging Digg: Comment Mining, Popularity Prediction, and Social Network Analysis},
       booktitle = {Proceedings of the 2009 International Conference on Web Information Systems and Mining},
        series = {WISM '09},
         year = {2009},
          isbn = {978-0-7695-3817-4},
           pages = {32--38},
            numpages = {7},
             url = {http://dx.doi.org/10.1109/WISM.2009.15},
              doi = {10.1109/WISM.2009.15},
               acmid = {1686862},
                publisher = {IEEE Computer Society},
                 address = {Washington, DC, USA},
                  keywords = {Egonet Analysis, Comment Mining, Popularity Prediction, Social Bookmarking, Social Network Analysis},
} 

@MastersThesis{Meinhart,
        author     =     {Clemens Meinhart},
            title     =     {{Studying User Submissions and Content on Reddit}},
                school     =     {Graz University of Technology},
                    address     =     {Austria},
                        year     =     {2014},
                            }

@misc{siege,
    title = {750 Popular Subreddits, Categorized by Industry and Submission Type},
      howpublished = {\url{http://www.siegemedia.com/popular-subreddits-by-industry}},
        note = {Accessed: 2015-2-1}
}

@inproceedings{weninger,
 author = {Weninger, Tim and Zhu, Xihao Avi and Han, Jiawei},
 title = {An Exploration of Discussion Threads in Social News Sites: A Case Study of the Reddit Community},
 booktitle = {Proceedings of the 2013 IEEE/ACM International Conference on Advances in Social Networks Analysis and Mining},
 series = {ASONAM '13},
 year = {2013},
 isbn = {978-1-4503-2240-9},
 location = {Niagara, Ontario, Canada},
 pages = {579--583},
 numpages = {5},
 url = {http://doi.acm.org/10.1145/2492517.2492646},
 doi = {10.1145/2492517.2492646},
 acmid = {2492646},
 publisher = {ACM},
 address = {New York, NY, USA},
} 
